%YAML 1.1
%TAG !u! tag:unity3d.com,2011:
--- !u!1 &203160663232919671
GameObject:
  m_ObjectHideFlags: 0
  m_CorrespondingSourceObject: {fileID: 0}
  m_PrefabInstance: {fileID: 0}
  m_PrefabAsset: {fileID: 0}
  serializedVersion: 6
  m_Component:
  - component: {fileID: 5277321465971384383}
  - component: {fileID: 4374638120704624336}
  m_Layer: 0
  m_Name: TallFence (5)
  m_TagString: Untagged
  m_Icon: {fileID: 0}
  m_NavMeshLayer: 0
  m_StaticEditorFlags: 0
  m_IsActive: 1
--- !u!4 &5277321465971384383
Transform:
  m_ObjectHideFlags: 0
  m_CorrespondingSourceObject: {fileID: 0}
  m_PrefabInstance: {fileID: 0}
  m_PrefabAsset: {fileID: 0}
  m_GameObject: {fileID: 203160663232919671}
  m_LocalRotation: {x: -0, y: -0, z: -0, w: 1}
  m_LocalPosition: {x: -7.590002, y: -3.6199996, z: 0}
  m_LocalScale: {x: 2.2986, y: 2.2986, z: 2.2986}
  m_Children: []
  m_Father: {fileID: 3447205640462752901}
  m_RootOrder: 0
  m_LocalEulerAnglesHint: {x: 0, y: 0, z: 0}
--- !u!212 &4374638120704624336
SpriteRenderer:
  m_ObjectHideFlags: 0
  m_CorrespondingSourceObject: {fileID: 0}
  m_PrefabInstance: {fileID: 0}
  m_PrefabAsset: {fileID: 0}
  m_GameObject: {fileID: 203160663232919671}
  m_Enabled: 1
  m_CastShadows: 0
  m_ReceiveShadows: 0
  m_DynamicOccludee: 1
  m_MotionVectors: 1
  m_LightProbeUsage: 1
  m_ReflectionProbeUsage: 1
  m_RayTracingMode: 0
  m_RayTraceProcedural: 0
  m_RenderingLayerMask: 1
  m_RendererPriority: 0
  m_Materials:
  - {fileID: 10754, guid: 0000000000000000f000000000000000, type: 0}
  m_StaticBatchInfo:
    firstSubMesh: 0
    subMeshCount: 0
  m_StaticBatchRoot: {fileID: 0}
  m_ProbeAnchor: {fileID: 0}
  m_LightProbeVolumeOverride: {fileID: 0}
  m_ScaleInLightmap: 1
  m_ReceiveGI: 1
  m_PreserveUVs: 0
  m_IgnoreNormalsForChartDetection: 0
  m_ImportantGI: 0
  m_StitchLightmapSeams: 1
  m_SelectedEditorRenderState: 0
  m_MinimumChartSize: 4
  m_AutoUVMaxDistance: 0.5
  m_AutoUVMaxAngle: 89
  m_LightmapParameters: {fileID: 0}
  m_SortingLayerID: 0
  m_SortingLayer: 0
  m_SortingOrder: 600
  m_Sprite: {fileID: 21300000, guid: 038e6e79b9f5847adb907bc1072ea8ac, type: 3}
  m_Color: {r: 0.30980393, g: 0.29411766, b: 0.27058825, a: 1}
  m_FlipX: 0
  m_FlipY: 0
  m_DrawMode: 0
  m_Size: {x: 6.74, y: 6.26}
  m_AdaptiveModeThreshold: 0.5
  m_SpriteTileMode: 0
  m_WasSpriteAssigned: 1
  m_MaskInteraction: 0
  m_SpriteSortPoint: 0
--- !u!1 &518432357037315108
GameObject:
  m_ObjectHideFlags: 0
  m_CorrespondingSourceObject: {fileID: 0}
  m_PrefabInstance: {fileID: 0}
  m_PrefabAsset: {fileID: 0}
  serializedVersion: 6
  m_Component:
  - component: {fileID: 2519019196221493856}
  - component: {fileID: 6678712565994898484}
  m_Layer: 0
  m_Name: TallFence
  m_TagString: Untagged
  m_Icon: {fileID: 0}
  m_NavMeshLayer: 0
  m_StaticEditorFlags: 0
  m_IsActive: 1
--- !u!4 &2519019196221493856
Transform:
  m_ObjectHideFlags: 0
  m_CorrespondingSourceObject: {fileID: 0}
  m_PrefabInstance: {fileID: 0}
  m_PrefabAsset: {fileID: 0}
  m_GameObject: {fileID: 518432357037315108}
  m_LocalRotation: {x: -0, y: -0, z: -0, w: 1}
  m_LocalPosition: {x: -12.04, y: 2.71, z: 0}
  m_LocalScale: {x: 1, y: 1, z: 1}
  m_Children: []
  m_Father: {fileID: 8072338409782223652}
  m_RootOrder: 0
  m_LocalEulerAnglesHint: {x: 0, y: 0, z: 0}
--- !u!212 &6678712565994898484
SpriteRenderer:
  m_ObjectHideFlags: 0
  m_CorrespondingSourceObject: {fileID: 0}
  m_PrefabInstance: {fileID: 0}
  m_PrefabAsset: {fileID: 0}
  m_GameObject: {fileID: 518432357037315108}
  m_Enabled: 1
  m_CastShadows: 0
  m_ReceiveShadows: 0
  m_DynamicOccludee: 1
  m_MotionVectors: 1
  m_LightProbeUsage: 1
  m_ReflectionProbeUsage: 1
  m_RayTracingMode: 0
  m_RayTraceProcedural: 0
  m_RenderingLayerMask: 1
  m_RendererPriority: 0
  m_Materials:
  - {fileID: 10754, guid: 0000000000000000f000000000000000, type: 0}
  m_StaticBatchInfo:
    firstSubMesh: 0
    subMeshCount: 0
  m_StaticBatchRoot: {fileID: 0}
  m_ProbeAnchor: {fileID: 0}
  m_LightProbeVolumeOverride: {fileID: 0}
  m_ScaleInLightmap: 1
  m_ReceiveGI: 1
  m_PreserveUVs: 0
  m_IgnoreNormalsForChartDetection: 0
  m_ImportantGI: 0
  m_StitchLightmapSeams: 1
  m_SelectedEditorRenderState: 0
  m_MinimumChartSize: 4
  m_AutoUVMaxDistance: 0.5
  m_AutoUVMaxAngle: 89
  m_LightmapParameters: {fileID: 0}
  m_SortingLayerID: 0
  m_SortingLayer: 0
  m_SortingOrder: -8
  m_Sprite: {fileID: 21300000, guid: 038e6e79b9f5847adb907bc1072ea8ac, type: 3}
  m_Color: {r: 0.30980393, g: 0.29411766, b: 0.27058825, a: 1}
  m_FlipX: 0
  m_FlipY: 0
  m_DrawMode: 0
  m_Size: {x: 6.74, y: 6.26}
  m_AdaptiveModeThreshold: 0.5
  m_SpriteTileMode: 0
  m_WasSpriteAssigned: 1
  m_MaskInteraction: 0
  m_SpriteSortPoint: 0
--- !u!1 &953021151929660261
GameObject:
  m_ObjectHideFlags: 0
  m_CorrespondingSourceObject: {fileID: 0}
  m_PrefabInstance: {fileID: 0}
  m_PrefabAsset: {fileID: 0}
  serializedVersion: 6
  m_Component:
  - component: {fileID: 1752379468697531661}
  - component: {fileID: 6656440227007792556}
  m_Layer: 0
  m_Name: TallFence (1)
  m_TagString: Untagged
  m_Icon: {fileID: 0}
  m_NavMeshLayer: 0
  m_StaticEditorFlags: 0
  m_IsActive: 1
--- !u!4 &1752379468697531661
Transform:
  m_ObjectHideFlags: 0
  m_CorrespondingSourceObject: {fileID: 0}
  m_PrefabInstance: {fileID: 0}
  m_PrefabAsset: {fileID: 0}
  m_GameObject: {fileID: 953021151929660261}
  m_LocalRotation: {x: -0, y: -0, z: -0, w: 1}
  m_LocalPosition: {x: -5.5599995, y: 2.71, z: 0}
  m_LocalScale: {x: -1, y: 1, z: 1}
  m_Children: []
  m_Father: {fileID: 8072338409782223652}
  m_RootOrder: 1
  m_LocalEulerAnglesHint: {x: 0, y: 0, z: 0}
--- !u!212 &6656440227007792556
SpriteRenderer:
  m_ObjectHideFlags: 0
  m_CorrespondingSourceObject: {fileID: 0}
  m_PrefabInstance: {fileID: 0}
  m_PrefabAsset: {fileID: 0}
  m_GameObject: {fileID: 953021151929660261}
  m_Enabled: 1
  m_CastShadows: 0
  m_ReceiveShadows: 0
  m_DynamicOccludee: 1
  m_MotionVectors: 1
  m_LightProbeUsage: 1
  m_ReflectionProbeUsage: 1
  m_RayTracingMode: 0
  m_RayTraceProcedural: 0
  m_RenderingLayerMask: 1
  m_RendererPriority: 0
  m_Materials:
  - {fileID: 10754, guid: 0000000000000000f000000000000000, type: 0}
  m_StaticBatchInfo:
    firstSubMesh: 0
    subMeshCount: 0
  m_StaticBatchRoot: {fileID: 0}
  m_ProbeAnchor: {fileID: 0}
  m_LightProbeVolumeOverride: {fileID: 0}
  m_ScaleInLightmap: 1
  m_ReceiveGI: 1
  m_PreserveUVs: 0
  m_IgnoreNormalsForChartDetection: 0
  m_ImportantGI: 0
  m_StitchLightmapSeams: 1
  m_SelectedEditorRenderState: 0
  m_MinimumChartSize: 4
  m_AutoUVMaxDistance: 0.5
  m_AutoUVMaxAngle: 89
  m_LightmapParameters: {fileID: 0}
  m_SortingLayerID: 0
  m_SortingLayer: 0
  m_SortingOrder: -8
  m_Sprite: {fileID: 21300000, guid: 038e6e79b9f5847adb907bc1072ea8ac, type: 3}
  m_Color: {r: 0.30980393, g: 0.29411766, b: 0.27058825, a: 1}
  m_FlipX: 0
  m_FlipY: 0
  m_DrawMode: 0
  m_Size: {x: 6.74, y: 6.26}
  m_AdaptiveModeThreshold: 0.5
  m_SpriteTileMode: 0
  m_WasSpriteAssigned: 1
  m_MaskInteraction: 0
  m_SpriteSortPoint: 0
--- !u!1 &1757260550775325375
GameObject:
  m_ObjectHideFlags: 0
  m_CorrespondingSourceObject: {fileID: 0}
  m_PrefabInstance: {fileID: 0}
  m_PrefabAsset: {fileID: 0}
  serializedVersion: 6
  m_Component:
  - component: {fileID: 8145404299558896699}
  m_Layer: 0
  m_Name: grass
  m_TagString: Untagged
  m_Icon: {fileID: 0}
  m_NavMeshLayer: 0
  m_StaticEditorFlags: 0
  m_IsActive: 1
--- !u!4 &8145404299558896699
Transform:
  m_ObjectHideFlags: 0
  m_CorrespondingSourceObject: {fileID: 0}
  m_PrefabInstance: {fileID: 0}
  m_PrefabAsset: {fileID: 0}
  m_GameObject: {fileID: 1757260550775325375}
  m_LocalRotation: {x: -0, y: -0, z: -0, w: 1}
  m_LocalPosition: {x: 0, y: 0.65, z: 0}
  m_LocalScale: {x: 6, y: 2.05, z: 1}
  m_Children:
  - {fileID: 5937128264015574632}
  m_Father: {fileID: 7185801630578711839}
  m_RootOrder: 2
  m_LocalEulerAnglesHint: {x: 0, y: 0, z: 0}
--- !u!1 &2596423440207419363
GameObject:
  m_ObjectHideFlags: 0
  m_CorrespondingSourceObject: {fileID: 0}
  m_PrefabInstance: {fileID: 0}
  m_PrefabAsset: {fileID: 0}
  serializedVersion: 6
  m_Component:
  - component: {fileID: 6421790470471448629}
  - component: {fileID: 4671384133066305640}
  m_Layer: 0
  m_Name: FecneFiller
  m_TagString: Untagged
  m_Icon: {fileID: 0}
  m_NavMeshLayer: 0
  m_StaticEditorFlags: 0
  m_IsActive: 1
--- !u!4 &6421790470471448629
Transform:
  m_ObjectHideFlags: 0
  m_CorrespondingSourceObject: {fileID: 0}
  m_PrefabInstance: {fileID: 0}
  m_PrefabAsset: {fileID: 0}
  m_GameObject: {fileID: 2596423440207419363}
  m_LocalRotation: {x: -0, y: -0, z: -0, w: 1}
  m_LocalPosition: {x: 6.91, y: 5.75, z: 0}
  m_LocalScale: {x: 1, y: 1, z: 1}
  m_Children: []
  m_Father: {fileID: 7185801630578711839}
  m_RootOrder: 5
  m_LocalEulerAnglesHint: {x: 0, y: 0, z: 0}
--- !u!212 &4671384133066305640
SpriteRenderer:
  m_ObjectHideFlags: 0
  m_CorrespondingSourceObject: {fileID: 0}
  m_PrefabInstance: {fileID: 0}
  m_PrefabAsset: {fileID: 0}
  m_GameObject: {fileID: 2596423440207419363}
  m_Enabled: 1
  m_CastShadows: 0
  m_ReceiveShadows: 0
  m_DynamicOccludee: 1
  m_MotionVectors: 1
  m_LightProbeUsage: 1
  m_ReflectionProbeUsage: 1
  m_RayTracingMode: 0
  m_RayTraceProcedural: 0
  m_RenderingLayerMask: 1
  m_RendererPriority: 0
  m_Materials:
  - {fileID: 10754, guid: 0000000000000000f000000000000000, type: 0}
  m_StaticBatchInfo:
    firstSubMesh: 0
    subMeshCount: 0
  m_StaticBatchRoot: {fileID: 0}
  m_ProbeAnchor: {fileID: 0}
  m_LightProbeVolumeOverride: {fileID: 0}
  m_ScaleInLightmap: 1
  m_ReceiveGI: 1
  m_PreserveUVs: 0
  m_IgnoreNormalsForChartDetection: 0
  m_ImportantGI: 0
  m_StitchLightmapSeams: 1
  m_SelectedEditorRenderState: 0
  m_MinimumChartSize: 4
  m_AutoUVMaxDistance: 0.5
  m_AutoUVMaxAngle: 89
  m_LightmapParameters: {fileID: 0}
  m_SortingLayerID: 0
  m_SortingLayer: 0
  m_SortingOrder: -15
  m_Sprite: {fileID: 21300000, guid: 4643261d4e4e54e2d942823b6f4bcdca, type: 3}
  m_Color: {r: 0.30980393, g: 0.29411766, b: 0.27058825, a: 1}
  m_FlipX: 0
  m_FlipY: 0
  m_DrawMode: 0
  m_Size: {x: 8.29, y: 2.66}
  m_AdaptiveModeThreshold: 0.5
  m_SpriteTileMode: 0
  m_WasSpriteAssigned: 1
  m_MaskInteraction: 0
  m_SpriteSortPoint: 0
--- !u!1 &3574490040117714684
GameObject:
  m_ObjectHideFlags: 0
  m_CorrespondingSourceObject: {fileID: 0}
  m_PrefabInstance: {fileID: 0}
  m_PrefabAsset: {fileID: 0}
  serializedVersion: 6
  m_Component:
  - component: {fileID: 8817756273207010943}
  - component: {fileID: 4941668231642113987}
  m_Layer: 0
  m_Name: TallFence (3)
  m_TagString: Untagged
  m_Icon: {fileID: 0}
  m_NavMeshLayer: 0
  m_StaticEditorFlags: 0
  m_IsActive: 1
--- !u!4 &8817756273207010943
Transform:
  m_ObjectHideFlags: 0
  m_CorrespondingSourceObject: {fileID: 0}
  m_PrefabInstance: {fileID: 0}
  m_PrefabAsset: {fileID: 0}
  m_GameObject: {fileID: 3574490040117714684}
  m_LocalRotation: {x: -0, y: -0, z: -0, w: 1}
  m_LocalPosition: {x: 0.9999997, y: 2.71, z: 0}
  m_LocalScale: {x: 1, y: 1, z: 1}
  m_Children: []
  m_Father: {fileID: 8072338409782223652}
  m_RootOrder: 3
  m_LocalEulerAnglesHint: {x: 0, y: 0, z: 0}
--- !u!212 &4941668231642113987
SpriteRenderer:
  m_ObjectHideFlags: 0
  m_CorrespondingSourceObject: {fileID: 0}
  m_PrefabInstance: {fileID: 0}
  m_PrefabAsset: {fileID: 0}
  m_GameObject: {fileID: 3574490040117714684}
  m_Enabled: 1
  m_CastShadows: 0
  m_ReceiveShadows: 0
  m_DynamicOccludee: 1
  m_MotionVectors: 1
  m_LightProbeUsage: 1
  m_ReflectionProbeUsage: 1
  m_RayTracingMode: 0
  m_RayTraceProcedural: 0
  m_RenderingLayerMask: 1
  m_RendererPriority: 0
  m_Materials:
  - {fileID: 10754, guid: 0000000000000000f000000000000000, type: 0}
  m_StaticBatchInfo:
    firstSubMesh: 0
    subMeshCount: 0
  m_StaticBatchRoot: {fileID: 0}
  m_ProbeAnchor: {fileID: 0}
  m_LightProbeVolumeOverride: {fileID: 0}
  m_ScaleInLightmap: 1
  m_ReceiveGI: 1
  m_PreserveUVs: 0
  m_IgnoreNormalsForChartDetection: 0
  m_ImportantGI: 0
  m_StitchLightmapSeams: 1
  m_SelectedEditorRenderState: 0
  m_MinimumChartSize: 4
  m_AutoUVMaxDistance: 0.5
  m_AutoUVMaxAngle: 89
  m_LightmapParameters: {fileID: 0}
  m_SortingLayerID: 0
  m_SortingLayer: 0
  m_SortingOrder: -8
  m_Sprite: {fileID: 21300000, guid: 038e6e79b9f5847adb907bc1072ea8ac, type: 3}
  m_Color: {r: 0.30980393, g: 0.29411766, b: 0.27058825, a: 1}
  m_FlipX: 0
  m_FlipY: 0
  m_DrawMode: 0
  m_Size: {x: 6.74, y: 6.26}
  m_AdaptiveModeThreshold: 0.5
  m_SpriteTileMode: 0
  m_WasSpriteAssigned: 1
  m_MaskInteraction: 0
  m_SpriteSortPoint: 0
--- !u!1 &5338892090682579508
GameObject:
  m_ObjectHideFlags: 0
  m_CorrespondingSourceObject: {fileID: 0}
  m_PrefabInstance: {fileID: 0}
  m_PrefabAsset: {fileID: 0}
  serializedVersion: 6
  m_Component:
  - component: {fileID: 5607363839472687391}
  - component: {fileID: 338515771175176788}
  m_Layer: 0
  m_Name: TallFence (6)
  m_TagString: Untagged
  m_Icon: {fileID: 0}
  m_NavMeshLayer: 0
  m_StaticEditorFlags: 0
  m_IsActive: 1
--- !u!4 &5607363839472687391
Transform:
  m_ObjectHideFlags: 0
  m_CorrespondingSourceObject: {fileID: 0}
  m_PrefabInstance: {fileID: 0}
  m_PrefabAsset: {fileID: 0}
  m_GameObject: {fileID: 5338892090682579508}
  m_LocalRotation: {x: -0, y: -0, z: -0, w: 1}
  m_LocalPosition: {x: 7.8, y: -3.7, z: 0}
  m_LocalScale: {x: -2.2986, y: 2.2986, z: 2.2986}
  m_Children: []
  m_Father: {fileID: 3447205640462752901}
  m_RootOrder: 1
  m_LocalEulerAnglesHint: {x: 0, y: 0, z: 0}
--- !u!212 &338515771175176788
SpriteRenderer:
  m_ObjectHideFlags: 0
  m_CorrespondingSourceObject: {fileID: 0}
  m_PrefabInstance: {fileID: 0}
  m_PrefabAsset: {fileID: 0}
  m_GameObject: {fileID: 5338892090682579508}
  m_Enabled: 1
  m_CastShadows: 0
  m_ReceiveShadows: 0
  m_DynamicOccludee: 1
  m_MotionVectors: 1
  m_LightProbeUsage: 1
  m_ReflectionProbeUsage: 1
  m_RayTracingMode: 0
  m_RayTraceProcedural: 0
  m_RenderingLayerMask: 1
  m_RendererPriority: 0
  m_Materials:
  - {fileID: 10754, guid: 0000000000000000f000000000000000, type: 0}
  m_StaticBatchInfo:
    firstSubMesh: 0
    subMeshCount: 0
  m_StaticBatchRoot: {fileID: 0}
  m_ProbeAnchor: {fileID: 0}
  m_LightProbeVolumeOverride: {fileID: 0}
  m_ScaleInLightmap: 1
  m_ReceiveGI: 1
  m_PreserveUVs: 0
  m_IgnoreNormalsForChartDetection: 0
  m_ImportantGI: 0
  m_StitchLightmapSeams: 1
  m_SelectedEditorRenderState: 0
  m_MinimumChartSize: 4
  m_AutoUVMaxDistance: 0.5
  m_AutoUVMaxAngle: 89
  m_LightmapParameters: {fileID: 0}
  m_SortingLayerID: 0
  m_SortingLayer: 0
  m_SortingOrder: 600
  m_Sprite: {fileID: 21300000, guid: 038e6e79b9f5847adb907bc1072ea8ac, type: 3}
  m_Color: {r: 0.30980393, g: 0.29411766, b: 0.27058825, a: 1}
  m_FlipX: 0
  m_FlipY: 0
  m_DrawMode: 0
  m_Size: {x: 6.74, y: 6.26}
  m_AdaptiveModeThreshold: 0.5
  m_SpriteTileMode: 0
  m_WasSpriteAssigned: 1
  m_MaskInteraction: 0
  m_SpriteSortPoint: 0
--- !u!1 &6372541258838006326
GameObject:
  m_ObjectHideFlags: 0
  m_CorrespondingSourceObject: {fileID: 0}
  m_PrefabInstance: {fileID: 0}
  m_PrefabAsset: {fileID: 0}
  serializedVersion: 6
  m_Component:
  - component: {fileID: 3447205640462752901}
  m_Layer: 0
  m_Name: FrontFence
  m_TagString: Untagged
  m_Icon: {fileID: 0}
  m_NavMeshLayer: 0
  m_StaticEditorFlags: 0
  m_IsActive: 1
--- !u!4 &3447205640462752901
Transform:
  m_ObjectHideFlags: 0
  m_CorrespondingSourceObject: {fileID: 0}
  m_PrefabInstance: {fileID: 0}
  m_PrefabAsset: {fileID: 0}
  m_GameObject: {fileID: 6372541258838006326}
  m_LocalRotation: {x: -0, y: -0, z: -0, w: 1}
  m_LocalPosition: {x: 0, y: -5.5, z: 0}
  m_LocalScale: {x: 1, y: 1, z: 1}
  m_Children:
  - {fileID: 5277321465971384383}
  - {fileID: 5607363839472687391}
  m_Father: {fileID: 7185801630578711839}
  m_RootOrder: 4
  m_LocalEulerAnglesHint: {x: 0, y: 0, z: 0}
--- !u!1 &7142604786594994003
GameObject:
  m_ObjectHideFlags: 0
  m_CorrespondingSourceObject: {fileID: 0}
  m_PrefabInstance: {fileID: 0}
  m_PrefabAsset: {fileID: 0}
  serializedVersion: 6
  m_Component:
  - component: {fileID: 8072338409782223652}
  m_Layer: 0
  m_Name: Fence
  m_TagString: Untagged
  m_Icon: {fileID: 0}
  m_NavMeshLayer: 0
  m_StaticEditorFlags: 0
  m_IsActive: 1
--- !u!4 &8072338409782223652
Transform:
  m_ObjectHideFlags: 0
  m_CorrespondingSourceObject: {fileID: 0}
  m_PrefabInstance: {fileID: 0}
  m_PrefabAsset: {fileID: 0}
  m_GameObject: {fileID: 7142604786594994003}
  m_LocalRotation: {x: -0, y: -0, z: -0, w: 1}
  m_LocalPosition: {x: 0, y: 4.61, z: 0}
  m_LocalScale: {x: 1, y: 1, z: 1}
  m_Children:
  - {fileID: 2519019196221493856}
  - {fileID: 1752379468697531661}
  - {fileID: 1228670722665659627}
  - {fileID: 8817756273207010943}
  m_Father: {fileID: 7185801630578711839}
  m_RootOrder: 3
  m_LocalEulerAnglesHint: {x: 0, y: 0, z: 0}
--- !u!1 &7185801629931021718
GameObject:
  m_ObjectHideFlags: 0
  m_CorrespondingSourceObject: {fileID: 0}
  m_PrefabInstance: {fileID: 0}
  m_PrefabAsset: {fileID: 0}
  serializedVersion: 6
  m_Component:
  - component: {fileID: 7185801629931021719}
  - component: {fileID: 7185801629931021716}
  m_Layer: 0
  m_Name: Ground
  m_TagString: Untagged
  m_Icon: {fileID: 0}
  m_NavMeshLayer: 0
  m_StaticEditorFlags: 0
  m_IsActive: 1
--- !u!4 &7185801629931021719
Transform:
  m_ObjectHideFlags: 0
  m_CorrespondingSourceObject: {fileID: 0}
  m_PrefabInstance: {fileID: 0}
  m_PrefabAsset: {fileID: 0}
  m_GameObject: {fileID: 7185801629931021718}
  m_LocalRotation: {x: -0, y: -0, z: -0, w: 1}
  m_LocalPosition: {x: 0, y: 0, z: 0}
  m_LocalScale: {x: 6, y: 2.05, z: 1}
  m_Children: []
  m_Father: {fileID: 7185801630578711839}
  m_RootOrder: 0
  m_LocalEulerAnglesHint: {x: 0, y: 0, z: 0}
--- !u!212 &7185801629931021716
SpriteRenderer:
  m_ObjectHideFlags: 0
  m_CorrespondingSourceObject: {fileID: 0}
  m_PrefabInstance: {fileID: 0}
  m_PrefabAsset: {fileID: 0}
  m_GameObject: {fileID: 7185801629931021718}
  m_Enabled: 1
  m_CastShadows: 0
  m_ReceiveShadows: 0
  m_DynamicOccludee: 1
  m_MotionVectors: 1
  m_LightProbeUsage: 1
  m_ReflectionProbeUsage: 1
  m_RayTracingMode: 0
  m_RayTraceProcedural: 0
  m_RenderingLayerMask: 1
  m_RendererPriority: 0
  m_Materials:
  - {fileID: 10754, guid: 0000000000000000f000000000000000, type: 0}
  m_StaticBatchInfo:
    firstSubMesh: 0
    subMeshCount: 0
  m_StaticBatchRoot: {fileID: 0}
  m_ProbeAnchor: {fileID: 0}
  m_LightProbeVolumeOverride: {fileID: 0}
  m_ScaleInLightmap: 1
  m_ReceiveGI: 1
  m_PreserveUVs: 0
  m_IgnoreNormalsForChartDetection: 0
  m_ImportantGI: 0
  m_StitchLightmapSeams: 1
  m_SelectedEditorRenderState: 0
  m_MinimumChartSize: 4
  m_AutoUVMaxDistance: 0.5
  m_AutoUVMaxAngle: 89
  m_LightmapParameters: {fileID: 0}
  m_SortingLayerID: 733856541
  m_SortingLayer: -1
  m_SortingOrder: 0
  m_Sprite: {fileID: 21300000, guid: 66cb94851e4fd4f568b90c280acf9cb8, type: 3}
  m_Color: {r: 1, g: 1, b: 1, a: 1}
  m_FlipX: 0
  m_FlipY: 0
  m_DrawMode: 0
  m_Size: {x: 5.12, y: 5.12}
  m_AdaptiveModeThreshold: 0.5
  m_SpriteTileMode: 0
  m_WasSpriteAssigned: 1
  m_MaskInteraction: 0
  m_SpriteSortPoint: 0
--- !u!1 &7185801630578711838
GameObject:
  m_ObjectHideFlags: 0
  m_CorrespondingSourceObject: {fileID: 0}
  m_PrefabInstance: {fileID: 0}
  m_PrefabAsset: {fileID: 0}
  serializedVersion: 6
  m_Component:
  - component: {fileID: 7185801630578711839}
  - component: {fileID: 414331729306505613}
  m_Layer: 0
  m_Name: HighFences
  m_TagString: Untagged
  m_Icon: {fileID: 0}
  m_NavMeshLayer: 0
  m_StaticEditorFlags: 0
  m_IsActive: 1
--- !u!4 &7185801630578711839
Transform:
  m_ObjectHideFlags: 0
  m_CorrespondingSourceObject: {fileID: 0}
  m_PrefabInstance: {fileID: 0}
  m_PrefabAsset: {fileID: 0}
  m_GameObject: {fileID: 7185801630578711838}
  m_LocalRotation: {x: -0, y: -0, z: -0, w: 1}
  m_LocalPosition: {x: 36.41, y: -2.25, z: 0}
  m_LocalScale: {x: 1, y: 1, z: 1}
  m_Children:
  - {fileID: 7185801629931021719}
  - {fileID: 7185801631244246553}
  - {fileID: 8145404299558896699}
  - {fileID: 8072338409782223652}
  - {fileID: 3447205640462752901}
  - {fileID: 6421790470471448629}
  m_Father: {fileID: 0}
  m_RootOrder: 0
  m_LocalEulerAnglesHint: {x: 0, y: 0, z: 0}
--- !u!114 &414331729306505613
MonoBehaviour:
  m_ObjectHideFlags: 0
  m_CorrespondingSourceObject: {fileID: 0}
  m_PrefabInstance: {fileID: 0}
  m_PrefabAsset: {fileID: 0}
  m_GameObject: {fileID: 7185801630578711838}
  m_Enabled: 1
  m_EditorHideFlags: 0
  m_Script: {fileID: 11500000, guid: 9d4f8a704b3f94820b52f136f6f1343d, type: 3}
  m_Name: 
  m_EditorClassIdentifier: 
  m_decor:
  - {fileID: 5416530398482271272}
  - {fileID: 9222744860894887166}
  - {fileID: 7260851072753777137}
  - {fileID: 3734334338743503757}
--- !u!1 &7185801631244246552
GameObject:
  m_ObjectHideFlags: 0
  m_CorrespondingSourceObject: {fileID: 0}
  m_PrefabInstance: {fileID: 0}
  m_PrefabAsset: {fileID: 0}
  serializedVersion: 6
  m_Component:
  - component: {fileID: 7185801631244246553}
  - component: {fileID: 7185801631244246550}
  m_Layer: 0
  m_Name: Skies
  m_TagString: Untagged
  m_Icon: {fileID: 0}
  m_NavMeshLayer: 0
  m_StaticEditorFlags: 0
  m_IsActive: 1
--- !u!4 &7185801631244246553
Transform:
  m_ObjectHideFlags: 0
  m_CorrespondingSourceObject: {fileID: 0}
  m_PrefabInstance: {fileID: 0}
  m_PrefabAsset: {fileID: 0}
  m_GameObject: {fileID: 7185801631244246552}
  m_LocalRotation: {x: -0, y: -0, z: -0, w: 1}
  m_LocalPosition: {x: 0, y: 7.74, z: 0}
  m_LocalScale: {x: 6, y: 1.099379, z: 1}
  m_Children: []
  m_Father: {fileID: 7185801630578711839}
  m_RootOrder: 1
  m_LocalEulerAnglesHint: {x: 0, y: 0, z: 0}
--- !u!212 &7185801631244246550
SpriteRenderer:
  m_ObjectHideFlags: 0
  m_CorrespondingSourceObject: {fileID: 0}
  m_PrefabInstance: {fileID: 0}
  m_PrefabAsset: {fileID: 0}
  m_GameObject: {fileID: 7185801631244246552}
  m_Enabled: 1
  m_CastShadows: 0
  m_ReceiveShadows: 0
  m_DynamicOccludee: 1
  m_MotionVectors: 1
  m_LightProbeUsage: 1
  m_ReflectionProbeUsage: 1
  m_RayTracingMode: 0
  m_RayTraceProcedural: 0
  m_RenderingLayerMask: 1
  m_RendererPriority: 0
  m_Materials:
  - {fileID: 10754, guid: 0000000000000000f000000000000000, type: 0}
  m_StaticBatchInfo:
    firstSubMesh: 0
    subMeshCount: 0
  m_StaticBatchRoot: {fileID: 0}
  m_ProbeAnchor: {fileID: 0}
  m_LightProbeVolumeOverride: {fileID: 0}
  m_ScaleInLightmap: 1
  m_ReceiveGI: 1
  m_PreserveUVs: 0
  m_IgnoreNormalsForChartDetection: 0
  m_ImportantGI: 0
  m_StitchLightmapSeams: 1
  m_SelectedEditorRenderState: 0
  m_MinimumChartSize: 4
  m_AutoUVMaxDistance: 0.5
  m_AutoUVMaxAngle: 89
  m_LightmapParameters: {fileID: 0}
  m_SortingLayerID: 733856541
  m_SortingLayer: -1
  m_SortingOrder: 1
  m_Sprite: {fileID: 21300000, guid: 4c57e7ed9d38548728069a10c9fc7424, type: 3}
  m_Color: {r: 1, g: 1, b: 1, a: 1}
  m_FlipX: 0
  m_FlipY: 0
  m_DrawMode: 0
  m_Size: {x: 5.12, y: 5.12}
  m_AdaptiveModeThreshold: 0.5
  m_SpriteTileMode: 0
  m_WasSpriteAssigned: 1
  m_MaskInteraction: 0
  m_SpriteSortPoint: 0
--- !u!1 &7688012478585410011
GameObject:
  m_ObjectHideFlags: 0
  m_CorrespondingSourceObject: {fileID: 0}
  m_PrefabInstance: {fileID: 0}
  m_PrefabAsset: {fileID: 0}
  serializedVersion: 6
  m_Component:
  - component: {fileID: 1228670722665659627}
  - component: {fileID: 5930635556005600838}
  m_Layer: 0
  m_Name: TallFence (2)
  m_TagString: Untagged
  m_Icon: {fileID: 0}
  m_NavMeshLayer: 0
  m_StaticEditorFlags: 0
  m_IsActive: 1
--- !u!4 &1228670722665659627
Transform:
  m_ObjectHideFlags: 0
  m_CorrespondingSourceObject: {fileID: 0}
  m_PrefabInstance: {fileID: 0}
  m_PrefabAsset: {fileID: 0}
  m_GameObject: {fileID: 7688012478585410011}
  m_LocalRotation: {x: -0, y: -0, z: -0, w: 1}
  m_LocalPosition: {x: 11.92, y: 2.71, z: 0}
  m_LocalScale: {x: -1, y: 1, z: 1}
  m_Children: []
  m_Father: {fileID: 8072338409782223652}
  m_RootOrder: 2
  m_LocalEulerAnglesHint: {x: 0, y: 0, z: 0}
--- !u!212 &5930635556005600838
SpriteRenderer:
  m_ObjectHideFlags: 0
  m_CorrespondingSourceObject: {fileID: 0}
  m_PrefabInstance: {fileID: 0}
  m_PrefabAsset: {fileID: 0}
  m_GameObject: {fileID: 7688012478585410011}
  m_Enabled: 1
  m_CastShadows: 0
  m_ReceiveShadows: 0
  m_DynamicOccludee: 1
  m_MotionVectors: 1
  m_LightProbeUsage: 1
  m_ReflectionProbeUsage: 1
  m_RayTracingMode: 0
  m_RayTraceProcedural: 0
  m_RenderingLayerMask: 1
  m_RendererPriority: 0
  m_Materials:
  - {fileID: 10754, guid: 0000000000000000f000000000000000, type: 0}
  m_StaticBatchInfo:
    firstSubMesh: 0
    subMeshCount: 0
  m_StaticBatchRoot: {fileID: 0}
  m_ProbeAnchor: {fileID: 0}
  m_LightProbeVolumeOverride: {fileID: 0}
  m_ScaleInLightmap: 1
  m_ReceiveGI: 1
  m_PreserveUVs: 0
  m_IgnoreNormalsForChartDetection: 0
  m_ImportantGI: 0
  m_StitchLightmapSeams: 1
  m_SelectedEditorRenderState: 0
  m_MinimumChartSize: 4
  m_AutoUVMaxDistance: 0.5
  m_AutoUVMaxAngle: 89
  m_LightmapParameters: {fileID: 0}
  m_SortingLayerID: 0
  m_SortingLayer: 0
  m_SortingOrder: -8
  m_Sprite: {fileID: 21300000, guid: 038e6e79b9f5847adb907bc1072ea8ac, type: 3}
  m_Color: {r: 0.30980393, g: 0.29411766, b: 0.27058825, a: 1}
  m_FlipX: 0
  m_FlipY: 0
  m_DrawMode: 0
  m_Size: {x: 6.74, y: 6.26}
  m_AdaptiveModeThreshold: 0.5
  m_SpriteTileMode: 0
  m_WasSpriteAssigned: 1
  m_MaskInteraction: 0
  m_SpriteSortPoint: 0
--- !u!1 &8696166191814081599
GameObject:
  m_ObjectHideFlags: 0
  m_CorrespondingSourceObject: {fileID: 0}
  m_PrefabInstance: {fileID: 0}
  m_PrefabAsset: {fileID: 0}
  serializedVersion: 6
  m_Component:
  - component: {fileID: 5937128264015574632}
  m_Layer: 0
  m_Name: GrassLine
  m_TagString: Untagged
  m_Icon: {fileID: 0}
  m_NavMeshLayer: 0
  m_StaticEditorFlags: 0
  m_IsActive: 1
--- !u!4 &5937128264015574632
Transform:
  m_ObjectHideFlags: 0
  m_CorrespondingSourceObject: {fileID: 0}
  m_PrefabInstance: {fileID: 0}
  m_PrefabAsset: {fileID: 0}
  m_GameObject: {fileID: 8696166191814081599}
  m_LocalRotation: {x: -0, y: -0, z: -0, w: 1}
  m_LocalPosition: {x: 0, y: 1.7, z: 0}
  m_LocalScale: {x: 1, y: 0.5362824, z: 1}
  m_Children:
  - {fileID: 875252590306399729}
  - {fileID: 4103660737323525415}
  - {fileID: 2579821173253644328}
  - {fileID: 8421134746386010708}
  m_Father: {fileID: 8145404299558896699}
  m_RootOrder: 0
  m_LocalEulerAnglesHint: {x: 0, y: 0, z: 0}
--- !u!1001 &1963987776914867737
PrefabInstance:
  m_ObjectHideFlags: 0
  serializedVersion: 2
  m_Modification:
    m_TransformParent: {fileID: 5937128264015574632}
    m_Modifications:
    - target: {fileID: 2540265328985678581, guid: 3d697a1d83d1c48e4af43af46a54fe4a, type: 3}
      propertyPath: m_SortingOrder
      value: -7
      objectReference: {fileID: 0}
    - target: {fileID: 2923532361882783124, guid: 3d697a1d83d1c48e4af43af46a54fe4a, type: 3}
      propertyPath: m_sortingUpdater
      value: 
      objectReference: {fileID: 0}
    - target: {fileID: 7438207043652546223, guid: 3d697a1d83d1c48e4af43af46a54fe4a, type: 3}
      propertyPath: m_Name
      value: GrassWide (3)
      objectReference: {fileID: 0}
    - target: {fileID: 8042475750079714381, guid: 3d697a1d83d1c48e4af43af46a54fe4a, type: 3}
      propertyPath: m_RootOrder
      value: 3
      objectReference: {fileID: 0}
    - target: {fileID: 8042475750079714381, guid: 3d697a1d83d1c48e4af43af46a54fe4a, type: 3}
      propertyPath: m_LocalScale.x
      value: 0.16666667
      objectReference: {fileID: 0}
    - target: {fileID: 8042475750079714381, guid: 3d697a1d83d1c48e4af43af46a54fe4a, type: 3}
      propertyPath: m_LocalScale.y
      value: 0.90960455
      objectReference: {fileID: 0}
    - target: {fileID: 8042475750079714381, guid: 3d697a1d83d1c48e4af43af46a54fe4a, type: 3}
      propertyPath: m_LocalPosition.x
      value: 1.6149998
      objectReference: {fileID: 0}
    - target: {fileID: 8042475750079714381, guid: 3d697a1d83d1c48e4af43af46a54fe4a, type: 3}
      propertyPath: m_LocalPosition.y
      value: -0.18192096
      objectReference: {fileID: 0}
    - target: {fileID: 8042475750079714381, guid: 3d697a1d83d1c48e4af43af46a54fe4a, type: 3}
      propertyPath: m_LocalPosition.z
      value: 0
      objectReference: {fileID: 0}
    - target: {fileID: 8042475750079714381, guid: 3d697a1d83d1c48e4af43af46a54fe4a, type: 3}
      propertyPath: m_LocalRotation.w
      value: 1
      objectReference: {fileID: 0}
    - target: {fileID: 8042475750079714381, guid: 3d697a1d83d1c48e4af43af46a54fe4a, type: 3}
      propertyPath: m_LocalRotation.x
      value: -0
      objectReference: {fileID: 0}
    - target: {fileID: 8042475750079714381, guid: 3d697a1d83d1c48e4af43af46a54fe4a, type: 3}
      propertyPath: m_LocalRotation.y
      value: -0
      objectReference: {fileID: 0}
    - target: {fileID: 8042475750079714381, guid: 3d697a1d83d1c48e4af43af46a54fe4a, type: 3}
      propertyPath: m_LocalRotation.z
      value: -0
      objectReference: {fileID: 0}
    - target: {fileID: 8042475750079714381, guid: 3d697a1d83d1c48e4af43af46a54fe4a, type: 3}
      propertyPath: m_LocalEulerAnglesHint.x
      value: 0
      objectReference: {fileID: 0}
    - target: {fileID: 8042475750079714381, guid: 3d697a1d83d1c48e4af43af46a54fe4a, type: 3}
      propertyPath: m_LocalEulerAnglesHint.y
      value: 0
      objectReference: {fileID: 0}
    - target: {fileID: 8042475750079714381, guid: 3d697a1d83d1c48e4af43af46a54fe4a, type: 3}
      propertyPath: m_LocalEulerAnglesHint.z
      value: 0
      objectReference: {fileID: 0}
    m_RemovedComponents:
    - {fileID: 1248984214233100340, guid: 3d697a1d83d1c48e4af43af46a54fe4a, type: 3}
  m_SourcePrefab: {fileID: 100100000, guid: 3d697a1d83d1c48e4af43af46a54fe4a, type: 3}
--- !u!114 &3734334338743503757 stripped
MonoBehaviour:
  m_CorrespondingSourceObject: {fileID: 2923532361882783124, guid: 3d697a1d83d1c48e4af43af46a54fe4a, type: 3}
  m_PrefabInstance: {fileID: 1963987776914867737}
  m_PrefabAsset: {fileID: 0}
  m_GameObject: {fileID: 0}
  m_Enabled: 1
  m_EditorHideFlags: 0
  m_Script: {fileID: 11500000, guid: 4c1762d259a364942877d4e2d8e2f325, type: 3}
  m_Name: 
  m_EditorClassIdentifier: 
--- !u!4 &8421134746386010708 stripped
Transform:
  m_CorrespondingSourceObject: {fileID: 8042475750079714381, guid: 3d697a1d83d1c48e4af43af46a54fe4a, type: 3}
  m_PrefabInstance: {fileID: 1963987776914867737}
  m_PrefabAsset: {fileID: 0}
--- !u!1001 &5499388435735082085
PrefabInstance:
  m_ObjectHideFlags: 0
  serializedVersion: 2
  m_Modification:
    m_TransformParent: {fileID: 5937128264015574632}
    m_Modifications:
    - target: {fileID: 2540265328985678581, guid: 3d697a1d83d1c48e4af43af46a54fe4a, type: 3}
      propertyPath: m_SortingOrder
      value: -7
      objectReference: {fileID: 0}
    - target: {fileID: 2923532361882783124, guid: 3d697a1d83d1c48e4af43af46a54fe4a, type: 3}
      propertyPath: m_sortingUpdater
      value: 
      objectReference: {fileID: 0}
    - target: {fileID: 7438207043652546223, guid: 3d697a1d83d1c48e4af43af46a54fe4a, type: 3}
      propertyPath: m_Name
      value: GrassWide (2)
      objectReference: {fileID: 0}
    - target: {fileID: 8042475750079714381, guid: 3d697a1d83d1c48e4af43af46a54fe4a, type: 3}
      propertyPath: m_RootOrder
      value: 2
      objectReference: {fileID: 0}
    - target: {fileID: 8042475750079714381, guid: 3d697a1d83d1c48e4af43af46a54fe4a, type: 3}
      propertyPath: m_LocalScale.x
      value: 0.16666667
      objectReference: {fileID: 0}
    - target: {fileID: 8042475750079714381, guid: 3d697a1d83d1c48e4af43af46a54fe4a, type: 3}
      propertyPath: m_LocalScale.y
      value: 0.90960455
      objectReference: {fileID: 0}
    - target: {fileID: 8042475750079714381, guid: 3d697a1d83d1c48e4af43af46a54fe4a, type: 3}
      propertyPath: m_LocalPosition.x
      value: 0.53666687
      objectReference: {fileID: 0}
    - target: {fileID: 8042475750079714381, guid: 3d697a1d83d1c48e4af43af46a54fe4a, type: 3}
      propertyPath: m_LocalPosition.y
      value: 0.02728811
      objectReference: {fileID: 0}
    - target: {fileID: 8042475750079714381, guid: 3d697a1d83d1c48e4af43af46a54fe4a, type: 3}
      propertyPath: m_LocalPosition.z
      value: 0
      objectReference: {fileID: 0}
    - target: {fileID: 8042475750079714381, guid: 3d697a1d83d1c48e4af43af46a54fe4a, type: 3}
      propertyPath: m_LocalRotation.w
      value: 1
      objectReference: {fileID: 0}
    - target: {fileID: 8042475750079714381, guid: 3d697a1d83d1c48e4af43af46a54fe4a, type: 3}
      propertyPath: m_LocalRotation.x
      value: -0
      objectReference: {fileID: 0}
    - target: {fileID: 8042475750079714381, guid: 3d697a1d83d1c48e4af43af46a54fe4a, type: 3}
      propertyPath: m_LocalRotation.y
      value: -0
      objectReference: {fileID: 0}
    - target: {fileID: 8042475750079714381, guid: 3d697a1d83d1c48e4af43af46a54fe4a, type: 3}
      propertyPath: m_LocalRotation.z
      value: -0
      objectReference: {fileID: 0}
    - target: {fileID: 8042475750079714381, guid: 3d697a1d83d1c48e4af43af46a54fe4a, type: 3}
      propertyPath: m_LocalEulerAnglesHint.x
      value: 0
      objectReference: {fileID: 0}
    - target: {fileID: 8042475750079714381, guid: 3d697a1d83d1c48e4af43af46a54fe4a, type: 3}
      propertyPath: m_LocalEulerAnglesHint.y
      value: 0
      objectReference: {fileID: 0}
    - target: {fileID: 8042475750079714381, guid: 3d697a1d83d1c48e4af43af46a54fe4a, type: 3}
      propertyPath: m_LocalEulerAnglesHint.z
      value: 0
      objectReference: {fileID: 0}
    m_RemovedComponents:
    - {fileID: 1248984214233100340, guid: 3d697a1d83d1c48e4af43af46a54fe4a, type: 3}
  m_SourcePrefab: {fileID: 100100000, guid: 3d697a1d83d1c48e4af43af46a54fe4a, type: 3}
--- !u!114 &7260851072753777137 stripped
MonoBehaviour:
  m_CorrespondingSourceObject: {fileID: 2923532361882783124, guid: 3d697a1d83d1c48e4af43af46a54fe4a, type: 3}
  m_PrefabInstance: {fileID: 5499388435735082085}
  m_PrefabAsset: {fileID: 0}
  m_GameObject: {fileID: 0}
  m_Enabled: 1
  m_EditorHideFlags: 0
  m_Script: {fileID: 11500000, guid: 4c1762d259a364942877d4e2d8e2f325, type: 3}
  m_Name: 
  m_EditorClassIdentifier: 
--- !u!4 &2579821173253644328 stripped
Transform:
  m_CorrespondingSourceObject: {fileID: 8042475750079714381, guid: 3d697a1d83d1c48e4af43af46a54fe4a, type: 3}
  m_PrefabInstance: {fileID: 5499388435735082085}
  m_PrefabAsset: {fileID: 0}
--- !u!1001 &6300461832261022058
PrefabInstance:
  m_ObjectHideFlags: 0
  serializedVersion: 2
  m_Modification:
    m_TransformParent: {fileID: 5937128264015574632}
    m_Modifications:
    - target: {fileID: 2540265328985678581, guid: 3d697a1d83d1c48e4af43af46a54fe4a, type: 3}
      propertyPath: m_SortingOrder
      value: -7
      objectReference: {fileID: 0}
    - target: {fileID: 2923532361882783124, guid: 3d697a1d83d1c48e4af43af46a54fe4a, type: 3}
      propertyPath: m_sortingUpdater
      value: 
      objectReference: {fileID: 0}
    - target: {fileID: 7438207043652546223, guid: 3d697a1d83d1c48e4af43af46a54fe4a, type: 3}
      propertyPath: m_Name
      value: GrassWide (1)
      objectReference: {fileID: 0}
    - target: {fileID: 8042475750079714381, guid: 3d697a1d83d1c48e4af43af46a54fe4a, type: 3}
      propertyPath: m_RootOrder
      value: 1
      objectReference: {fileID: 0}
    - target: {fileID: 8042475750079714381, guid: 3d697a1d83d1c48e4af43af46a54fe4a, type: 3}
      propertyPath: m_LocalScale.x
      value: 0.16666667
      objectReference: {fileID: 0}
    - target: {fileID: 8042475750079714381, guid: 3d697a1d83d1c48e4af43af46a54fe4a, type: 3}
      propertyPath: m_LocalScale.y
      value: 0.90960455
      objectReference: {fileID: 0}
    - target: {fileID: 8042475750079714381, guid: 3d697a1d83d1c48e4af43af46a54fe4a, type: 3}
      propertyPath: m_LocalPosition.x
      value: -0.5216669
      objectReference: {fileID: 0}
    - target: {fileID: 8042475750079714381, guid: 3d697a1d83d1c48e4af43af46a54fe4a, type: 3}
      propertyPath: m_LocalPosition.y
      value: -0.18192096
      objectReference: {fileID: 0}
    - target: {fileID: 8042475750079714381, guid: 3d697a1d83d1c48e4af43af46a54fe4a, type: 3}
      propertyPath: m_LocalPosition.z
      value: 0
      objectReference: {fileID: 0}
    - target: {fileID: 8042475750079714381, guid: 3d697a1d83d1c48e4af43af46a54fe4a, type: 3}
      propertyPath: m_LocalRotation.w
      value: 1
      objectReference: {fileID: 0}
    - target: {fileID: 8042475750079714381, guid: 3d697a1d83d1c48e4af43af46a54fe4a, type: 3}
      propertyPath: m_LocalRotation.x
      value: -0
      objectReference: {fileID: 0}
    - target: {fileID: 8042475750079714381, guid: 3d697a1d83d1c48e4af43af46a54fe4a, type: 3}
      propertyPath: m_LocalRotation.y
      value: -0
      objectReference: {fileID: 0}
    - target: {fileID: 8042475750079714381, guid: 3d697a1d83d1c48e4af43af46a54fe4a, type: 3}
      propertyPath: m_LocalRotation.z
      value: -0
      objectReference: {fileID: 0}
    - target: {fileID: 8042475750079714381, guid: 3d697a1d83d1c48e4af43af46a54fe4a, type: 3}
      propertyPath: m_LocalEulerAnglesHint.x
      value: 0
      objectReference: {fileID: 0}
    - target: {fileID: 8042475750079714381, guid: 3d697a1d83d1c48e4af43af46a54fe4a, type: 3}
      propertyPath: m_LocalEulerAnglesHint.y
      value: 0
      objectReference: {fileID: 0}
    - target: {fileID: 8042475750079714381, guid: 3d697a1d83d1c48e4af43af46a54fe4a, type: 3}
      propertyPath: m_LocalEulerAnglesHint.z
      value: 0
      objectReference: {fileID: 0}
    m_RemovedComponents:
    - {fileID: 1248984214233100340, guid: 3d697a1d83d1c48e4af43af46a54fe4a, type: 3}
  m_SourcePrefab: {fileID: 100100000, guid: 3d697a1d83d1c48e4af43af46a54fe4a, type: 3}
--- !u!114 &9222744860894887166 stripped
MonoBehaviour:
  m_CorrespondingSourceObject: {fileID: 2923532361882783124, guid: 3d697a1d83d1c48e4af43af46a54fe4a, type: 3}
  m_PrefabInstance: {fileID: 6300461832261022058}
  m_PrefabAsset: {fileID: 0}
  m_GameObject: {fileID: 0}
  m_Enabled: 1
  m_EditorHideFlags: 0
  m_Script: {fileID: 11500000, guid: 4c1762d259a364942877d4e2d8e2f325, type: 3}
  m_Name: 
  m_EditorClassIdentifier: 
--- !u!4 &4103660737323525415 stripped
Transform:
  m_CorrespondingSourceObject: {fileID: 8042475750079714381, guid: 3d697a1d83d1c48e4af43af46a54fe4a, type: 3}
  m_PrefabInstance: {fileID: 6300461832261022058}
  m_PrefabAsset: {fileID: 0}
--- !u!1001 &7185801629281927612
PrefabInstance:
  m_ObjectHideFlags: 0
  serializedVersion: 2
  m_Modification:
    m_TransformParent: {fileID: 5937128264015574632}
    m_Modifications:
    - target: {fileID: 2540265328985678581, guid: 3d697a1d83d1c48e4af43af46a54fe4a, type: 3}
      propertyPath: m_SortingOrder
      value: -7
      objectReference: {fileID: 0}
    - target: {fileID: 2923532361882783124, guid: 3d697a1d83d1c48e4af43af46a54fe4a, type: 3}
      propertyPath: m_sortingUpdater
      value: 
      objectReference: {fileID: 0}
    - target: {fileID: 7438207043652546223, guid: 3d697a1d83d1c48e4af43af46a54fe4a, type: 3}
      propertyPath: m_Name
      value: GrassWide
      objectReference: {fileID: 0}
    - target: {fileID: 8042475750079714381, guid: 3d697a1d83d1c48e4af43af46a54fe4a, type: 3}
      propertyPath: m_RootOrder
      value: 0
      objectReference: {fileID: 0}
    - target: {fileID: 8042475750079714381, guid: 3d697a1d83d1c48e4af43af46a54fe4a, type: 3}
      propertyPath: m_LocalScale.x
      value: 0.16666667
      objectReference: {fileID: 0}
    - target: {fileID: 8042475750079714381, guid: 3d697a1d83d1c48e4af43af46a54fe4a, type: 3}
      propertyPath: m_LocalScale.y
      value: 0.90960455
      objectReference: {fileID: 0}
    - target: {fileID: 8042475750079714381, guid: 3d697a1d83d1c48e4af43af46a54fe4a, type: 3}
      propertyPath: m_LocalPosition.x
      value: -1.5799999
      objectReference: {fileID: 0}
    - target: {fileID: 8042475750079714381, guid: 3d697a1d83d1c48e4af43af46a54fe4a, type: 3}
      propertyPath: m_LocalPosition.y
      value: 0.02728811
      objectReference: {fileID: 0}
    - target: {fileID: 8042475750079714381, guid: 3d697a1d83d1c48e4af43af46a54fe4a, type: 3}
      propertyPath: m_LocalPosition.z
      value: 0
      objectReference: {fileID: 0}
    - target: {fileID: 8042475750079714381, guid: 3d697a1d83d1c48e4af43af46a54fe4a, type: 3}
      propertyPath: m_LocalRotation.w
      value: 1
      objectReference: {fileID: 0}
    - target: {fileID: 8042475750079714381, guid: 3d697a1d83d1c48e4af43af46a54fe4a, type: 3}
      propertyPath: m_LocalRotation.x
      value: -0
      objectReference: {fileID: 0}
    - target: {fileID: 8042475750079714381, guid: 3d697a1d83d1c48e4af43af46a54fe4a, type: 3}
      propertyPath: m_LocalRotation.y
      value: -0
      objectReference: {fileID: 0}
    - target: {fileID: 8042475750079714381, guid: 3d697a1d83d1c48e4af43af46a54fe4a, type: 3}
      propertyPath: m_LocalRotation.z
      value: -0
      objectReference: {fileID: 0}
    - target: {fileID: 8042475750079714381, guid: 3d697a1d83d1c48e4af43af46a54fe4a, type: 3}
      propertyPath: m_LocalEulerAnglesHint.x
      value: 0
      objectReference: {fileID: 0}
    - target: {fileID: 8042475750079714381, guid: 3d697a1d83d1c48e4af43af46a54fe4a, type: 3}
      propertyPath: m_LocalEulerAnglesHint.y
      value: 0
      objectReference: {fileID: 0}
    - target: {fileID: 8042475750079714381, guid: 3d697a1d83d1c48e4af43af46a54fe4a, type: 3}
      propertyPath: m_LocalEulerAnglesHint.z
      value: 0
      objectReference: {fileID: 0}
    m_RemovedComponents:
    - {fileID: 1248984214233100340, guid: 3d697a1d83d1c48e4af43af46a54fe4a, type: 3}
  m_SourcePrefab: {fileID: 100100000, guid: 3d697a1d83d1c48e4af43af46a54fe4a, type: 3}
--- !u!114 &5416530398482271272 stripped
MonoBehaviour:
  m_CorrespondingSourceObject: {fileID: 2923532361882783124, guid: 3d697a1d83d1c48e4af43af46a54fe4a, type: 3}
  m_PrefabInstance: {fileID: 7185801629281927612}
  m_PrefabAsset: {fileID: 0}
  m_GameObject: {fileID: 0}
  m_Enabled: 1
  m_EditorHideFlags: 0
  m_Script: {fileID: 11500000, guid: 4c1762d259a364942877d4e2d8e2f325, type: 3}
  m_Name: 
  m_EditorClassIdentifier: 
--- !u!4 &875252590306399729 stripped
Transform:
  m_CorrespondingSourceObject: {fileID: 8042475750079714381, guid: 3d697a1d83d1c48e4af43af46a54fe4a, type: 3}
  m_PrefabInstance: {fileID: 7185801629281927612}
  m_PrefabAsset: {fileID: 0}
